@book{Albrecht2019,
  author    = {
    Albrecht, B. 
    and Baum, S. 
    and Behrend, C. 
    and Cornils, V. 
    and Eggers, U.
    and Gartinger, S.
    and Hauschildt, E.
    and Liebscher-Schebiella, Dr. P.
    and Janssen, R.
    and Ruff, A.
    and Schulze, S.-B.
    and Witzlau, C.
  },
  title     = {Professionelles Handeln im sozialpädagogischen Berufsfeld},
  series    = {Erzieherinnen + Erzieher},
  volume    = {1},
  year      = {2019},
  edition   = {1. Auflage, 12. Druck},
  editor    = {Gartinger, S. and Janssen, R.},
  address   = {Berlin},
  publisher = {Cornelsen Schulverlage GmbH},
  isbn      = {978-3-06-450179-9},
  language  = {Deutsch},
  keywords  = {Erzieherin. Ausbildung},
  pages     = {807 Seiten}
}
@book{Kindler2006,
  author = {
    Kindler, H. 
    and Lillig, S.
    and Blüml, H.
    and Meysen, T.
  },
  title = {Handbuch Kindeswohlgefährdung nach §~1666~BGB und Allgemeiner Sozialer Dienst (ASD)},
  year = {2006},
  editor = {Werner, A.},
  isbn = {3-935701-22-5},
  address   = {München},
  publisher = {Deutsches Jugendinstitut e.V.}
}
@book{Maihorn2009,
  title     = {Kindeswohlgefährdung - Erkennen und Helfen},
  editor    = {Maihorn, C.},
  address   = {Berlin},
  publisher = {Kinderschutz-Zentrum},
  year      = {2009},
  edition   = {11. überarbeitete Auflage},
  isbn      = {978-3-00-026625-6},
  language  = {Deutsch},
  keywords  = {Deutschland. Kindeswohl. Gefährdung. Prävention. Deutschland. Kindeswohl. Gefährdung. Intervention},
  pages     = {200  Seiten}
}
@online{knuthwebsite,
  author   = {Donald Knuth},
  title    = {Knuth: Computers and Typesetting},
  url      = {http://www-cs-faculty.stanford.edu/~uno/abcde.html},
  addendum = {(accessed: 01.09.2016)},
  keywords = {latex,knuth}
}
